<?xml version="1.0" encoding="UTF-8"?><collection xmlns="http://www.loc.gov/MARC21/slim"><record><leader>00498nam--2200181-i-4500</leader><controlfield tag="001">000024296</controlfield><controlfield tag="002">20161230</controlfield><controlfield tag="005">20161230201035</controlfield><controlfield tag="008">060222s1000------------r-----000-0-eng-d</controlfield><datafield ind1=" " ind2=" " tag="040"><subfield code="a">IFIN-HH</subfield></datafield><datafield ind1=" " ind2=" " tag="080"><subfield code="a">537.32:621.362</subfield></datafield><datafield ind1="1" ind2=" " tag="100"><subfield code="a">Heikes R.R</subfield></datafield><datafield ind1="1" ind2="0" tag="245"><subfield code="a">Thermoelectricity: science and engineering</subfield><subfield code="c">R.r. heikes; r.w. ure, jr</subfield></datafield><datafield ind1=" " ind2=" " tag="260"><subfield code="a">New York</subfield><subfield code="b">Interscience Publishers</subfield><subfield code="c">1961</subfield></datafield><datafield ind1=" " ind2=" " tag="300"><subfield code="a">XI + 576P</subfield></datafield><datafield ind1="1" ind2=" " tag="700"><subfield code="a">Ure, R.W., Jr</subfield></datafield><datafield ind1=" " ind2=" " tag="852"><subfield code="a">17146</subfield><subfield code="c">537:538</subfield></datafield><datafield ind1=" " ind2=" " tag="CAT"><subfield code="a">Sys</subfield><subfield code="c">20110610</subfield><subfield code="h">093926</subfield></datafield></record></collection>